@inproceedings{Weston06,
  title={Inference with the {Universum}},
  author={Weston, Jason and Collobert, Ronan and Sinz, Fabian and Bottou, L{\'e}on and Vapnik, Vladimir},
  year={2006},
  booktitle={ICML}
}

@inproceedings{Chapelle07,
  title={An analysis of inference with the {Universum}},
  author={Chapelle, Olivier and Agarwal, Alekh and Sinz, Fabian H and Sch{\"o}lkopf, Bernhard},
  booktitle={NIPS},
  year={2007}
}

@article{Vapnik09,
  title={A new learning paradigm: Learning using privileged information},
  author={Vapnik, Vladimir and Vashist, Akshay},
  journal={Neural Networks},
  volume={22},
  number={5},
  pages={544--557},
  year={2009},
  publisher={Elsevier}
}

@article{VapIzm15,
  author  = {Vladimir Vapnik and Rauf Izmailov},
  title   = {Learning Using Privileged Information: Similarity Control and Knowledge Transfer},
  journal = {JMLR},
  volume  = {16},
  pages   = {2023-2049},
  year    = {2015},
}

@inproceedings{Pechyony10a,
  title={On the theory of learning with privileged information},
  author={Pechyony, Dmitry and Vapnik, Vladimir},
  booktitle={NIPS},
  year={2010}
}

@article{Feyereisl12,
  title={Privileged information for data clustering},
  author={Feyereisl, Jan and Aickelin, Uwe},
  journal={Information Sciences},
  volume={194},
  pages={4--23},
  year={2012},
  publisher={Elsevier}
}

@inproceedings{Sharmanska13,
  title={Learning to rank using privileged information},
  author={Sharmanska, Viktoriia and Quadrianto, Novi and Lampert, Christoph H},
  booktitle={ICCV},
  year={2013},
}

@article{Fouad13,
  title={Incorporating privileged information through metric learning},
  author={Fouad, Shereen and Tino, Peter and Raychaudhury, Somak and Schneider, Petra},
  journal={Neural Networks and Learning Systems},
  volume={24},
  number={7},
  pages={1086--1098},
  year={2013},
  publisher={IEEE}
}

@article{Lapin14,
  title={Learning using privileged information: {SVM}+ and weighted {SVM}},
  author={Lapin, Maksim and Hein, Matthias and Schiele, Bernt},
  journal={Neural Networks},
  volume={53},
  pages={95--108},
  year={2014},
  publisher={Elsevier}
}

@inproceedings{Lopez-Paz14,
  title={Randomized nonlinear component analysis},
  author={Lopez-Paz, David and Sra, Suvrit and Smola, Alex and Ghahramani, Zoubin and Sch{\"o}lkopf, Bernhard},
  booktitle={ICML},
  year={2014}
}

@inproceedings{Hernandez14,
  title={Mind the Nuisance: Gaussian Process Classification using Privileged Noise},
  author={Hern{\'a}ndez-Lobato, Daniel and Sharmanska, Viktoriia and Kersting, Kristian and Lampert, Christoph H and Quadrianto, Novi},
  booktitle={NIPS},
  year={2014}
}

@article{Sharmanska14,
  title={Learning to Transfer Privileged Information},
  author={Sharmanska, Viktoriia and Quadrianto, Novi and Lampert, Christoph H},
  journal={arXiv},
  year={2014}
}

@article{Hinton15,
  title   = {Distilling the Knowledge in a Neural Network},
  author  = {Hinton, Geoffrey and Vinyals, Oriol and Dean, Jeff},
  year    = {2015},
  journal = {arXiv}
}

@inproceedings{Bucilua06,
  title={Model compression},
  author={Bucilu{\v{a}}, Cristian and Caruana, Rich and Niculescu-Mizil, Alexandru},
  booktitle={KDD},
  year={2006},
}

@inproceedings{Ba14,
  title={Do Deep Nets Really Need to be Deep?},
  author={Ba, Jimmy and Caruana, Rich},
  booktitle={NIPS},
  year={2014}
}

@inproceedings{Burges97,
  title={Improving the accuracy and speed of support vector learning machines},
  author={Burges, Christopher and Sch{\"o}lkopf, Bernhard},
  booktitle={NIPS},
  year={1997},
}

@book{Vapnik98,
  title={Statistical learning theory},
  author={Vapnik, Vladimir},
  year={1998},
  publisher={Wiley New York}
}

@article{Scholkopf12,
  title={On causal and anticausal learning},
  author={Sch{\"o}lkopf, Bernhard and Janzing, Dominik and Peters, Jonas and Sgouritsa, Eleni and Zhang, Kun and Mooij, Joris},
  journal={ICML},
  year={2012}
}

@inproceedings{bengio2009curriculum,
  title={Curriculum learning},
  author={Bengio, Yoshua and Louradour, J{\'e}r{\^o}me and Collobert, Ronan and Weston, Jason},
  booktitle={ICML},
  year={2009},
}

@inproceedings{ribeiro2010financial,
  title={Financial distress model prediction using {SVM+}},
  author={Ribeiro, Bernardete and Silva, Catarina and Vieira, Armando and Gaspar-Cunha, Ant{\'o}nio and das Neves, Jo{\~a}o C},
  booktitle={IJCNN},
  year={2010},
  organization={IEEE}
}

@article{janzing2010causal,
  title={Causal inference using the algorithmic Markov condition},
  author={Janzing, Dominik and Sch{\"o}lkopf, Bernhard},
  journal={IEEE Transactions on Information Theory},
  volume={56},
  number={10},
  pages={5168--5194},
  year={2010},
}

-- Datasets

@misc{MNIST,
  title={The {MNIST} database of handwritten digits},
  author={LeCun, Yann and Cortes, Corinna and Burges, Christopher JC},
  year={1998},
  url={http://yann.lecun.com/exdb/mnist/}
}

@misc{CIFAR10,
  title={The {CIFAR-10} and {CIFAR-100} datasets},
  author={Krizhevsky, Alex},
  year={2009},
  url={http://www.cs.toronto.edu/~kriz/cifar.html}
}

@misc{SARCOS,
  title = {The {SARCOS} dataset},
  author={Sethu Vijayakumar},
  year={2000},
  url={http://www.gaussianprocess.org/gpml/data/}
}

@article{Lecun98,
  title={Gradient-based learning applied to document recognition},
  author={LeCun, Yann and Bottou, L{\'e}on and Bengio, Yoshua and Haffner, Patrick},
  journal={Proceedings of the IEEE},
  volume={86},
  number={11},
  pages={2278--2324},
  year={1998},
}

@article{bottou2014machine,
title={From machine learning to machine reasoning},
author={Bottou, L{\'e}on},
journal={Machine learning},
volume={94},
number={2},
pages={133--149},
year={2014},
}

@article{lapin2014learning,
  title={Learning using privileged information: SVM+ and weighted SVM},
  author={Lapin, Maksim and Hein, Matthias and Schiele, Bernt},
  journal={Neural Networks},
  volume={53},
  pages={95--108},
  year={2014},
  publisher={Elsevier}
}

@inproceedings{oquab2014learning,
  title={Learning and transferring mid-level image representations using convolutional neural networks},
  author={Oquab, Maxime and Bottou, Leon and Laptev, Ivan and Sivic, Josef},
  booktitle={CVPR},
  pages={1717--1724},
  year={2014}
}

@article{mikolov2013efficient,
  title={Efficient estimation of word representations in vector space},
  author={Mikolov, Tomas and Chen, Kai and Corrado, Greg and Dean, Jeffrey},
  journal={arXiv},
  year={2013}
}
